<marcxml:record xmlns:xlink="http://www.w3.org/1999/xlink" xmlns:marcxml="http://www.loc.gov/MARC21/slim" xmlns:mets="http://www.loc.gov/METS/" xmlns:mxe="http://www.loc.gov/mxe" xmlns:rdf="http://www.w3.org/1999/02/22-rdf-syntax-ns#" xmlns:rdfs="http://www.w3.org/2000/01/rdf-schema#" xmlns:skos="http://www.w3.org/2004/02/skos/core#" xmlns:madsrdf="http://www.loc.gov/mads/rdf/v1#" xmlns:ri="http://id.loc.gov/ontologies/RecordInfo#" xmlns:sem="http://marklogic.com/semantics">
  <marcxml:leader>00880nz  a2200217n  4500</marcxml:leader>
  <marcxml:controlfield tag="001">n84093997</marcxml:controlfield>
  <marcxml:controlfield tag="003">DLC</marcxml:controlfield>
  <marcxml:controlfield tag="005">19850206143754.7</marcxml:controlfield>
  <marcxml:controlfield tag="008">840822n| acannaab|          |a anc |||  </marcxml:controlfield>
  <marcxml:datafield tag="010" ind1=" " ind2=" ">
    <marcxml:subfield code="a">n  84093997 </marcxml:subfield>
  </marcxml:datafield>
  <marcxml:datafield tag="040" ind1=" " ind2=" ">
    <marcxml:subfield code="a">DLC</marcxml:subfield>
    <marcxml:subfield code="c">DLC</marcxml:subfield>
    <marcxml:subfield code="d">DLC</marcxml:subfield>
  </marcxml:datafield>
  <marcxml:datafield tag="110" ind1="2" ind2="0">
    <marcxml:subfield code="a">Hadrianeum (Rome, Italy)</marcxml:subfield>
  </marcxml:datafield>
  <marcxml:datafield tag="410" ind1="1" ind2="0">
    <marcxml:subfield code="w">nnaa</marcxml:subfield>
    <marcxml:subfield code="a">Rome (City).</marcxml:subfield>
    <marcxml:subfield code="b">Hadrianeum</marcxml:subfield>
  </marcxml:datafield>
  <marcxml:datafield tag="410" ind1="2" ind2="0">
    <marcxml:subfield code="a">Adrianeo (Rome, Italy)</marcxml:subfield>
  </marcxml:datafield>
  <marcxml:datafield tag="410" ind1="2" ind2="0">
    <marcxml:subfield code="a">Tempio di Nettuno (Rome, Italy)</marcxml:subfield>
  </marcxml:datafield>
  <marcxml:datafield tag="410" ind1="2" ind2="0">
    <marcxml:subfield code="a">Basilico di Nettuno (Rome, Italy)</marcxml:subfield>
  </marcxml:datafield>
  <marcxml:datafield tag="410" ind1="2" ind2="0">
    <marcxml:subfield code="a">Tempio di Adrianeo (Rome, Italy)</marcxml:subfield>
  </marcxml:datafield>
  <marcxml:datafield tag="410" ind1="2" ind2="0">
    <marcxml:subfield code="a">Tempio di Adriano (Rome, Italy)</marcxml:subfield>
  </marcxml:datafield>
  <marcxml:datafield tag="410" ind1="1" ind2="0">
    <marcxml:subfield code="a">Rome (Italy).</marcxml:subfield>
    <marcxml:subfield code="b">Hadrianeum</marcxml:subfield>
  </marcxml:datafield>
  <marcxml:datafield tag="670" ind1=" " ind2=" ">
    <marcxml:subfield code="a">Tempio di Adriano, 1982:</marcxml:subfield>
    <marcxml:subfield code="b">t.p. (Tempio di Adriano) p. 55 (constructed A.D. 139-145 by Antoninus Pius in honour of the Emperor Hadrian in Rome)</marcxml:subfield>
  </marcxml:datafield>
  <marcxml:datafield tag="670" ind1=" " ind2=" ">
    <marcxml:subfield code="a">LC manual auth. cd.</marcxml:subfield>
    <marcxml:subfield code="b">(hdg.: Rome (City). Hadrianeum; variants: Adrianeo; Tempio di Nettuno; Basilico di Nettuno; Tempio di Adrianeo)</marcxml:subfield>
  </marcxml:datafield>
</marcxml:record>
